@article{intro,
title={intoduction to sky},
author={bob}, pages={1--11}, year={2012},
}
@article{molecules,
title={fundamentals}, author={agatha}, pages={347--363}, year={2015}, 
}
@article {color,
title= {shades of sky}, author={julie}, pages={316--329}, year={2015},
}